@misc{Degges2018AVulnerability,
    title = {{A Breakdown of the New SAML Authentication Bypass Vulnerability}},
    year = {2018},
    booktitle = {Okta Developer},
    author = {Degges, Randall},
    url = {https://developer.okta.com/blog/2018/02/27/a-breakdown-of-the-new-saml-authentication-bypass-vulnerability}
}

@techreport{Cantor2005BindingsV2.0,
    title = {{Bindings for the OASIS Security Assertion Markup Language (SAML) V2.0}},
    year = {2005},
    author = {Cantor, Scott and Hirsch, Frederick and Kemp, John and Philpott, Rob and Maler, Eve},
    url = {http://docs.oasis-open.org/security/saml/v2.0/},
    institution = {OASIS}
}

@incollection{Chen2014Environment-BoundAssertions,
    title = {{Environment-Bound SAML Assertions: A Fresh Approach to Enhance the Security of SAML Assertions}},
    year = {2014},
    booktitle = {Information Security and Cryptology},
    author = {Chen, Kai and Lin, Dongdai and Yan, Li and Sun, Xin},
    editor = {{Lin D.} and {Xu S.} and {Yung M.}},
    month = {11},
    pages = {361--376},
    publisher = {Springer, Cham},
    url = {http://link.springer.com/10.1007/978-3-319-12087-4_23},
    doi = {10.1007/978-3-319-12087-4{\_}23}
}

@article{Ardagna2011ExpressiveApplications,
    title = {{Expressive and Deployable Access Control in Open Web Service Applications}},
    year = {2011},
    journal = {IEEE Transactions on Services Computing},
    author = {Ardagna, C A and De Capitani di Vimercati, S and Paraboschi, S and Pedrini, E and Samarati, P and Verdicchio, M},
    number = {2},
    month = {4},
    pages = {96--109},
    volume = {4},
    url = {http://ieeexplore.ieee.org/document/5467031/},
    doi = {10.1109/TSC.2010.29}
}

@misc{OASISStandard2013EXtensible3.0,
    title = {{eXtensible Access Control Markup Language (XACML) Version 3.0}},
    year = {2013},
    author = {{OASIS Standard}},
    url = {http://docs.oasis-open.org/xacml/3.0/xacml-3.0-core-spec-os-en.html}
}

@misc{2017JSON1.0,
    title = {{JSON Profile of XACML 3.0 Version 1.0}},
    year = {2017},
    publisher = {Candidate OASIS Standard 01},
    url = {http://docs.oasis-open.org/xacml/xacml-json-http/v1.0/xacml-json-http-v1.0.html}
}

@inproceedings{Feltus2008PreliminaryConcept,
    title = {{Preliminary Literature Review of Policy Engineering Methods; Toward Responsibility Concept}},
    year = {2008},
    booktitle = {2008 3rd International Conference on Information and Communication Technologies: From Theory to Applications},
    author = {Feltus, Christophe},
    month = {4},
    pages = {1--6},
    publisher = {IEEE},
    url = {http://ieeexplore.ieee.org/document/4529912/},
    address = {Damascus, Syria},
    isbn = {978-1-4244-1751-3},
    doi = {10.1109/ICTTA.2008.4529912}
}

@misc{2017REST1.0,
    title = {{REST Profile of XACML v3.0 Version 1.0}},
    year = {2017},
    publisher = {Candidate OASIS Standard 01},
    url = {http://docs.oasis-open.org/xacml/xacml-rest/v1.0/xacml-rest-v1.0.html}
}

@article{Krawczyk2014SecureAttacks,
    title = {{Secure SAML validation to prevent XML signature wrapping attacks}},
    year = {2014},
    author = {Krawczyk, Pawel},
    month = {1},
    url = {http://arxiv.org/abs/1401.7483},
    arxivId = {1401.7483}
}

@techreport{2008SecurityOverview,
    title = {{Security Assertion Markup Language (SAML) V2.0 Technical Overview}},
    year = {2008},
    url = {http://docs.oasis-open.org/security/saml/Post2.0/sstc-saml-tech-overview-2.0.pdf},
    institution = {OASIS}
}

@misc{Cser2013XACMLDead,
    title = {{XACML is dead}},
    year = {2013},
    booktitle = {Insights},
    author = {Cser, Andras},
    url = {https://go.forrester.com/blogs/13-05-07-xacml_is_dead/}
}